%YAML 1.1
%TAG !u! tag:unity3d.com,2011:
--- !u!1001 &100100000
Prefab:
  m_ObjectHideFlags: 1
  serializedVersion: 2
  m_Modification:
    m_TransformParent: {fileID: 0}
    m_Modifications: []
    m_RemovedComponents: []
  m_SourcePrefab: {fileID: 0}
  m_RootGameObject: {fileID: 1519363914275976}
  m_IsPrefabAsset: 1
--- !u!1 &1519363914275976
GameObject:
  m_ObjectHideFlags: 0
  m_CorrespondingSourceObject: {fileID: 0}
  m_PrefabInternal: {fileID: 100100000}
  serializedVersion: 6
  m_Component:
  - component: {fileID: 4829124080233004}
  - component: {fileID: 114933530746568634}
  - component: {fileID: 114678378411203302}
  - component: {fileID: 114915047526858624}
  - component: {fileID: 114642830545560636}
  - component: {fileID: 114347402508626488}
  - component: {fileID: 114877013651847134}
  - component: {fileID: 114674568767441392}
  m_Layer: 0
  m_Name: GameManager
  m_TagString: Untagged
  m_Icon: {fileID: 0}
  m_NavMeshLayer: 0
  m_StaticEditorFlags: 0
  m_IsActive: 1
--- !u!4 &4829124080233004
Transform:
  m_ObjectHideFlags: 1
  m_CorrespondingSourceObject: {fileID: 0}
  m_PrefabInternal: {fileID: 100100000}
  m_GameObject: {fileID: 1519363914275976}
  m_LocalRotation: {x: 0, y: 0, z: 0, w: 1}
  m_LocalPosition: {x: 2.7862604, y: -0.56116545, z: -0.0859375}
  m_LocalScale: {x: 1, y: 1, z: 1}
  m_Children: []
  m_Father: {fileID: 0}
  m_RootOrder: 0
  m_LocalEulerAnglesHint: {x: 0, y: 0, z: 0}
--- !u!114 &114347402508626488
MonoBehaviour:
  m_ObjectHideFlags: 1
  m_CorrespondingSourceObject: {fileID: 0}
  m_PrefabInternal: {fileID: 100100000}
  m_GameObject: {fileID: 1519363914275976}
  m_Enabled: 1
  m_EditorHideFlags: 0
  m_Script: {fileID: 11500000, guid: b776e5f1b0eb992498e121ac90412632, type: 3}
  m_Name: 
  m_EditorClassIdentifier: 
  itemParent: {fileID: 0}
--- !u!114 &114642830545560636
MonoBehaviour:
  m_ObjectHideFlags: 1
  m_CorrespondingSourceObject: {fileID: 0}
  m_PrefabInternal: {fileID: 100100000}
  m_GameObject: {fileID: 1519363914275976}
  m_Enabled: 1
  m_EditorHideFlags: 0
  m_Script: {fileID: 11500000, guid: 5d142c331eb7d804ca196392e3eff5b6, type: 3}
  m_Name: 
  m_EditorClassIdentifier: 
  items: []
--- !u!114 &114674568767441392
MonoBehaviour:
  m_ObjectHideFlags: 1
  m_CorrespondingSourceObject: {fileID: 0}
  m_PrefabInternal: {fileID: 100100000}
  m_GameObject: {fileID: 1519363914275976}
  m_Enabled: 1
  m_EditorHideFlags: 0
  m_Script: {fileID: 11500000, guid: be5527da43369584aa7b8b977ad432ab, type: 3}
  m_Name: 
  m_EditorClassIdentifier: 
  saveClass:
    money: 0
    items: []
    speed: 0
    timeBullet: 0
    damage: 0
    maxHealth: 0
  items:
  - {fileID: 11400000, guid: 9acb5f6c2c247dc43ac872565cf913d5, type: 2}
  - {fileID: 11400000, guid: 44f5813b22408364083c9170f278ea7d, type: 2}
  - {fileID: 11400000, guid: efd7c7e03a7a62843bb478df03f6b858, type: 2}
--- !u!114 &114678378411203302
MonoBehaviour:
  m_ObjectHideFlags: 1
  m_CorrespondingSourceObject: {fileID: 0}
  m_PrefabInternal: {fileID: 100100000}
  m_GameObject: {fileID: 1519363914275976}
  m_Enabled: 1
  m_EditorHideFlags: 0
  m_Script: {fileID: 11500000, guid: 60d7e538bb66a2d4e9a48e33c6176def, type: 3}
  m_Name: 
  m_EditorClassIdentifier: 
  scoreText: {fileID: 0}
  inventory: {fileID: 0}
  moneyText: {fileID: 0}
--- !u!114 &114877013651847134
MonoBehaviour:
  m_ObjectHideFlags: 1
  m_CorrespondingSourceObject: {fileID: 0}
  m_PrefabInternal: {fileID: 100100000}
  m_GameObject: {fileID: 1519363914275976}
  m_Enabled: 1
  m_EditorHideFlags: 0
  m_Script: {fileID: 11500000, guid: a0baa7b36fb075e4481a1af5bee85c4c, type: 3}
  m_Name: 
  m_EditorClassIdentifier: 
  enemyPrefab:
  - {fileID: 0}
  - {fileID: 0}
  spawnPoints:
  - {fileID: 0}
  - {fileID: 0}
  timeBetweenSpawn: 5
  waveTimeSpawn: 0
--- !u!114 &114915047526858624
MonoBehaviour:
  m_ObjectHideFlags: 1
  m_CorrespondingSourceObject: {fileID: 0}
  m_PrefabInternal: {fileID: 100100000}
  m_GameObject: {fileID: 1519363914275976}
  m_Enabled: 1
  m_EditorHideFlags: 0
  m_Script: {fileID: 11500000, guid: 5d5ef5bdff908294182170e64417a4e3, type: 3}
  m_Name: 
  m_EditorClassIdentifier: 
  btnsControl:
  - {fileID: 0}
  - {fileID: 0}
  - {fileID: 0}
  - {fileID: 0}
  - {fileID: 0}
  - {fileID: 0}
  - {fileID: 0}
  - {fileID: 0}
  - {fileID: 0}
  - {fileID: 0}
  - {fileID: 0}
  - {fileID: 0}
  pausePanel: {fileID: 0}
  InventoryPanel: {fileID: 0}
  infoInventoryPanel: {fileID: 0}
  storePanel: {fileID: 0}
  lobbyPanel: {fileID: 0}
  statsPanel: {fileID: 0}
--- !u!114 &114933530746568634
MonoBehaviour:
  m_ObjectHideFlags: 1
  m_CorrespondingSourceObject: {fileID: 0}
  m_PrefabInternal: {fileID: 100100000}
  m_GameObject: {fileID: 1519363914275976}
  m_Enabled: 1
  m_EditorHideFlags: 0
  m_Script: {fileID: 11500000, guid: cb2d334aafbf56d499f3778d9f984ee2, type: 3}
  m_Name: 
  m_EditorClassIdentifier: 
  btnRightMove: {fileID: 0}
  btnLeftMove: {fileID: 0}
  isPlayerLoockRight: 1
  score: 0
  enemyAttack: 0
  isPaused: 0
  diePanel: {fileID: 0}
  _diePanel: 0
  inventoryPanelInfo: {fileID: 0}
  iconInfo: {fileID: 0}
  textInfo: {fileID: 0}
  DropPanel: {fileID: 0}
  textDrop: {fileID: 0}
  winPanel: {fileID: 0}
  money: 0
  _waves: 1
  _speed: 10
  _timeBullet: 0.5
  _moveSpeed: 0
  lvl: {fileID: 11400000, guid: be45c98d8a0d2174397aae82c2d61199, type: 2}
  _enemyCount: 0
  enemyDienumber: 0
